@book{kako_ce_se_pozivati_u_kodu,
   title =     {title},
   author =    {author},
   publisher = {publisher},
   year =      {2345},
   series =    {series},
   edition =   {},
   volume =    {},
   language = {english}
}
