%% This BibTeX bibliography file was created using BibDesk.
%% http://bibdesk.sourceforge.net/


%% Created for Ivica Nakić at 2009-10-31 16:17:17 +0100 


%% Saved with string encoding Unicode (UTF-8) 	

%article{Dutkay:2009,
%	Author = {Dutkay, D. E. and Han, D. and Sun, Q. and Weber,  E.},
%	Date-Added = {2009-10-31 09:43:54 +0100},
%	Date-Modified = {2009-10-31 16:16:31 +0100},
%	Month = {10},
%	Title = {Hearing the Hausdorff dimension},
%	Url = {http://arxiv.org/abs/0910.5433},
%	Year = {2009},
%	Bdsk-Url-1 = {http://arxiv.org/abs/0910.5433}}
%
%article{kurepa1956convex,
%	Author = {Kurepa, S.},
%	Date-Added = {2009-10-31 09:23:24 +0100},
%	Date-Modified = {2009-10-31 09:23:24 +0100},
%	Journal = {Glasnik Mat.-Fiz. Astr. Ser. II},
%	Number = {2},
%	Pages = {89--93},
%	Title = {Convex functions},
%	Volume = {11},
%	Year = {1956}}
%
%book{kurepa1981funkcionalna,
%	Author = {Kurepa, S.},
%	Date-Added = {2009-10-31 09:10:49 +0100},
%	Date-Modified = {2009-10-31 09:10:49 +0100},
%	Publisher = {{\v{S}}kolska Knjiga},
%	Title = {Funkcionalna analiza},
%	Year = {1981}}
%
%book{kljuc,
%	Author = {Autor, I. },
%	Date-Modified = {2009-10-31 13:04:15 +0100},
%	Publisher = {Samizdat},
%	Title = {Naslov Knjige},
%	Year = {2052}}

@online{dubuque2010why,
  author = {Bill Dubuque},
  title = {Why is it called Sylvester's Law of Inertia?},
  year = 2010,
  url = {https://math.stackexchange.com/questions/6906/},
  urldate = {12.6.2021.}
}

%misc{SylvesterLawOfInertia-MathStackExchange,
%	Author = {Bill Dubuque},
%	Howpublished = {\url{https://math.stackexchange.com/questions/6906/}},
%	Year = {2010},
%	Note = {pristupljeno 12.6.2021.}
%}

@article{lopez2014differential,
  title={Differential geometry of curves and surfaces in Lorentz-Minkowski space},
  author={L{\'o}pez, Rafael},
  journal={International Electronic Journal of Geometry},
  volume={7},
  number={1},
  pages={44--107}
}

@book{horvatic2004linearna,
  title={Linearna algebra},
  author={Horvatic, Kre{\v{s}}imir},
  publisher={Golden marketing - Tehni{\v{c}}ka knjiga},
  year={2004},
  language={english}
}

@phdthesis{mcnertney1980one,
  title={One-parameter families of surfaces with constant curvature in Lorentz 3-space},
  author={McNertney, Louise Vincentia},
  year={1980},
  publisher={Brown University}
}

@book{ratcliffe2006foundations,
   title =     {Foundations of Hyperbolic Manifolds},
   author =    {Ratcliffe, John G.},
   publisher = {Springer},
   year =      {2006},
   series =    {Graduate Texts in Mathematics},
   edition =   {2.},
   volume =    {}
}
%   url =       {http://gen.lib.rus.ec/book/index.php?md5=b6b390309820b629436a13c321d86182}
%   isbn =      {0387331972,9780387331973},

@book{kuhnel2015differential,
   title =     {Differential Geometry : Curves -- Surfaces -- Manifolds},
   author =    {Hunt, Bruce and Kühnel, Wolfgang},
   publisher = {American Mathematical Society},
   year =      {2015},
   series =    {AMS Student mathematical library 77},
   edition =   {3.},
   volume =    {}
}
%   url =       {http://gen.lib.rus.ec/book/index.php?md5=53e1f3479cbdf2fb78addd478e32bb89}
%   isbn =      { 1470423200,978-1-4704-2320-9,9781470426750,1470426757 },

@misc{iljazovic2020predavanja,
   title =     {Predavanja iz kolegija Diferencijalna topologija},
   author =    {Zvonimir Iljazović},
   year =      {ak. god. 2019-2020},
   note =      {Matematički odsjek PMF-a, Sveučilište u Zagrebu}
}

@misc{pazanin2017predavanja,
   title =     {Predavanja iz kolegija Obične diferencijalne jednadžbe},
   author =    {Igor Pažanin},
   year =      {ak. god. 2017-2018},
   note =      {Matematički odsjek PMF-a, Sveučilište u Zagrebu}
}

@misc{krcadinac2019predavanja,
   title =     {Predavanja iz kolegija Neeuklidska geometrija},
   author =    {Vedran Krčadinac},
   year =      {ak. god. 2019-2020},
   note =      {Matematički odsjek PMF-a, Sveučilište u Zagrebu}
}

@misc{gogic2018predavanja,
   title =     {Predavanja iz kolegija Diferencijalna geometrija 1},
   author =    {Ilja Gogić},
   year =      {ak. god. 2018-2019},
   note =      {Matematički odsjek PMF-a, Sveučilište u Zagrebu}
}

@misc{milinsipus2018predavanja,
   title =     {Predavanja iz kolegija Uvod u diferencijalnu geometriju},
   author =    {Željka Milin-Šipuš},
   year =      {ak. god. 2017-2018},
   note =      {Matematički odsjek PMF-a, Sveučilište u Zagrebu}
}

@book{docarmo1976differential,
   title =     {Differential Geometry of Curves and Surfaces},
   author =    {Manfredo Do Carmo},
   publisher = {Prentice Hall},
   year =      {1976},
   series =    {},
   edition =   {3.},
   volume =    {}
}
%   isbn =      {9780132125895,0132125897},
%   url =       {http://gen.lib.rus.ec/book/index.php?md5=fa892ff12792b487f9d4d8890b623599}

@book{abatetovena2012curves,
   title =     {Curves and Surfaces},
   author =    {Abate, M. and Tovena, F.},
   publisher = {Springer},
   year =      {2012},
   series =    {UNITEXT / La Matematica per il 3+2},
   edition =   {1.},
   volume =    {}
}
%   isbn =      {8847019400,9788847019409},
%   url =       {http://gen.lib.rus.ec/book/index.php?md5=1503d24a7d7223991461620ff95c53a8}

@article{inoguchi2008null,
   author = {Inoguchi, Jun-Ichi and Lee, Sungwook},
   year = {2008},
   title = {Null curves in Minkowski 3-space},
   volume = {1},
   pages = {40--83},
   journal = {International Electronic Journal of Geometry}
}
%   month = {06},

@article{inoguchi2009lightlike,
   author    = {Inoguchi, Jun-Ichi and Lee, Sungwook\vphantom{-}},
   title     = {Lightlike surfaces in Minkowski 3-space},
   publisher = {World Scientific Publishing Company},
   journal   = {International Journal of Geometric Methods in Modern Physics},
   year      = {2009},
   volume    = {6},
   issue     = {2},
   pages     = {267--283}
}

%   doi       = {10.1142/s0219887809003552},
%   issn      = {0219-8878,1793-6977},
%   url       = {http://doi.org/10.1142/s0219887809003552}

@book{douglas2004combinatorial,
   title =     {Combinatorial designs: constructions and analysis},
   author =    {Douglas R. Stinson},
   publisher = {Springer},
   year =      {2004},
   series =    {},
   edition =   {1},
   volume =    {},
   language = {english}
}
%  isbn =      {0387954872,9780387954875,9780387217376},
%  url =       {http://gen.lib.rus.ec/book/index.php?md5=abd56eef7fc1bacfc4628d0e70b69b51}

@book{ionin2006combinatorics,
   title =     {Combinatorics of symmetric designs},
   author =    {Yury J. Ionin and Mohan S. Shrikhande},
   publisher = {Cambridge University Press},
   year =      {2006},
   series =    {New mathematical monographs 5},
   edition =   {},
   volume =    {},
   language = {english}
}
%  isbn =      {0521818338,9780521818339,9780511161681},
%  url =       {http://gen.lib.rus.ec/book/index.php?md5=a711dccb17174c27e3d71c31bf753c00}

@book{humphreys1996group,
   title =     {A course in group theory},
   author =    {John F. Humphreys},
   publisher = {Oxford University Press},
   year =      {1996},
   series =    {Oxford science publications},
   edition =   {},
   volume =    {},
   language = {english}
}
%  isbn =      {0198534590,9780198534594,0198534531},
%  url =       {http://gen.lib.rus.ec/book/index.php?md5=ace9ab893158e499977182708c848c1b}

@article{janko1985construction,
 doi       = {10.1016/0097-3165(85)90107-4},
 title     = {Construction of a new symmetric block design for (78, 22, 6) with the help of tactical decompositions},
 author    = {Zvonimir Janko and Tran van Trung},
 publisher = {Elsevier Science},
 journal   = {Journal of Combinatorial Theory, Series A},
 year      = {1985},
 volume    = {40},
 issue     = {2},
 pages     = {451--455},
 language = {english}
}
% issn      = {0097-3165,1096-0899},
% url       = {http://doi.org/10.1016/0097-3165%2885%2990107-4},

@book{dembowski1968finite,
   title =     {Finite Geometries},
   author =    {Peter Dembowski},
   publisher = {Springer-Verlag Berlin Heidelberg},
   year =      {1968},
   series =    {Classics in Mathematics 44},
   edition =   {1},
   volume =    {},
   language = {english}
}
%   isbn =      {978-3-540-61786-0,978-3-642-62012-6},
%   url =       {http://gen.lib.rus.ec/book/index.php?md5=3a8af7311ef13e898369eb46f882a6d9}
